@article{dl,
  title={Deep learning},
  author={LeCun, Yann and Bengio, Yoshua and Hinton, Geoffrey},
  journal={nature},
  volume={521},
  number={7553},
  pages={436--444},
  year={2015},
  publisher={Nature Publishing Group}
}


@article{pytorch,
  title={Pytorch: An imperative style, high-performance deep learning library},
  author={Paszke, Adam and Gross, Sam and Massa, Francisco and Lerer, Adam and Bradbury, James and Chanan, Gregory and Killeen, Trevor and Lin, Zeming and Gimelshein, Natalia and Antiga, Luca and others},
  journal={arXiv preprint arXiv:1912.01703},
  year={2019}
}


@inproceedings{tensorflow,
  title={Tensorflow: A system for large-scale machine learning},
  author={Abadi, Mart{\'\i}n and Barham, Paul and Chen, Jianmin and Chen, Zhifeng and Davis, Andy and Dean, Jeffrey and Devin, Matthieu and Ghemawat, Sanjay and Irving, Geoffrey and Isard, Michael and others},
  booktitle={12th $\{$USENIX$\}$ symposium on operating systems design and implementation ($\{$OSDI$\}$ 16)},
  pages={265--283},
  year={2016}
}


@article{mxnet,
  title={Mxnet: A flexible and efficient machine learning library for heterogeneous distributed systems},
  author={Chen, Tianqi and Li, Mu and Li, Yutian and Lin, Min and Wang, Naiyan and Wang, Minjie and Xiao, Tianjun and Xu, Bing and Zhang, Chiyuan and Zhang, Zheng},
  journal={arXiv preprint arXiv:1512.01274},
  year={2015}
}


@inproceedings{caffe,
  title={Caffe: Convolutional architecture for fast feature embedding},
  author={Jia, Yangqing and Shelhamer, Evan and Donahue, Jeff and Karayev, Sergey and Long, Jonathan and Girshick, Ross and Guadarrama, Sergio and Darrell, Trevor},
  booktitle={Proceedings of the 22nd ACM international conference on Multimedia},
  pages={675--678},
  year={2014}
}


@inproceedings{android,
  title={Ai benchmark: Running deep neural networks on android smartphones},
  author={Ignatov, Andrey and Timofte, Radu and Chou, William and Wang, Ke and Wu, Max and Hartley, Tim and Van Gool, Luc},
  booktitle={Proceedings of the European Conference on Computer Vision (ECCV) Workshops},
  pages={0--0},
  year={2018}
}


@article{dlcompiler,
  title={The deep learning compiler: A comprehensive survey},
  author={Li, Mingzhen and Liu, Yi and Liu, Xiaoyan and Sun, Qingxiao and You, Xin and Yang, Hailong and Luan, Zhongzhi and Gan, Lin and Yang, Guangwen and Qian, Depei},
  journal={IEEE Transactions on Parallel and Distributed Systems},
  volume={32},
  number={3},
  pages={708--727},
  year={2020},
  publisher={IEEE}
}


@article{tvm,
  title={TVM: end-to-end optimization stack for deep learning},
  author={Chen, Tianqi and Moreau, Thierry and Jiang, Ziheng and Shen, Haichen and Yan, Eddie Q and Wang, Leyuan and Hu, Yuwei and Ceze, Luis and Guestrin, Carlos and Krishnamurthy, Arvind},
  journal={arXiv preprint arXiv:1802.04799},
  volume={11},
  pages={20},
  year={2018}
}


@article{glow,
  title={Glow: Graph lowering compiler techniques for neural networks},
  author={Rotem, Nadav and Fix, Jordan and Abdulrasool, Saleem and Catron, Garret and Deng, Summer and Dzhabarov, Roman and Gibson, Nick and Hegeman, James and Lele, Meghan and Levenstein, Roman and others},
  journal={arXiv preprint arXiv:1805.00907},
  year={2018}
}


@article{relay,
  title={Relay: A high-level compiler for deep learning},
  author={Roesch, Jared and Lyubomirsky, Steven and Kirisame, Marisa and Weber, Logan and Pollock, Josh and Vega, Luis and Jiang, Ziheng and Chen, Tianqi and Moreau, Thierry and Tatlock, Zachary},
  journal={arXiv preprint arXiv:1904.08368},
  year={2019}
}


@article{vta,
  title={VTA: an open hardware-software stack for deep learning},
  author={Moreau, Thierry and Chen, Tianqi and Jiang, Ziheng and Ceze, Luis and Guestrin, Carlos and Krishnamurthy, Arvind},
  journal={arXiv preprint arXiv:1807.04188},
  year={2018}
}


@incollection{optimizearm,
  title={Optimizing deep learning workloads on arm GPU with TVM},
  author={Zheng, Lanmin and Chen, Tianqi},
  booktitle={Proceedings of the 1st on Reproducible Quality-Efficient Systems Tournament on Co-Designing Pareto-Efficient Deep Learning},
  pages={1},
  year={2018}
}


@article{fpga,
  title={FPGA-based accelerators of deep learning networks for learning and classification: A review},
  author={Shawahna, Ahmad and Sait, Sadiq M and El-Maleh, Aiman},
  journal={IEEE Access},
  volume={7},
  pages={7823--7859},
  year={2018},
  publisher={IEEE}
}


@book{cuda,
  title={CUDA by example: an introduction to general-purpose GPU programming},
  author={Sanders, Jason and Kandrot, Edward},
  year={2010},
  publisher={Addison-Wesley Professional}
}


@inproceedings{tpu,
  title={In-datacenter performance analysis of a tensor processing unit},
  author={Jouppi, Norman P and Young, Cliff and Patil, Nishant and Patterson, David and Agrawal, Gaurav and Bajwa, Raminder and Bates, Sarah and Bhatia, Suresh and Boden, Nan and Borchers, Al and others},
  booktitle={Proceedings of the 44th annual international symposium on computer architecture},
  pages={1--12},
  year={2017}
}
